<?xml version="1.0" encoding="UTF-8"?>
<collection xmlns:xsi="http://www.w3.org/2001/XMLSchema-instance" xsi:schemaLocation="http://www.loc.gov/MARC21/slim http://www.loc.gov/standards/marcxml/schema/MARC21slim.xsd" xmlns="http://www.loc.gov/MARC21/slim">
<record>
  <leader>01013cam a22002174a 4500</leader>
  <controlfield tag="001">4089980</controlfield>
  <controlfield tag="003">NNC</controlfield>
  <controlfield tag="005">20130520203130.0</controlfield>
  <controlfield tag="008">830407s1973    ir       b    000 0 ara d</controlfield>
  <datafield tag="035" ind1=" " ind2=" ">
    <subfield code="a">(OCoLC)56186287</subfield>
  </datafield>
  <datafield tag="035" ind1=" " ind2=" ">
    <subfield code="a">(OCoLC)ocm56186287</subfield>
  </datafield>
  <datafield tag="035" ind1=" " ind2=" ">
    <subfield code="a">(NNC)4089980</subfield>
  </datafield>
  <datafield tag="035" ind1=" " ind2=" ">
    <subfield code="a">4089980</subfield>
  </datafield>
  <datafield tag="040" ind1=" " ind2=" ">
    <subfield code="a">NjP</subfield>
    <subfield code="c">NjP</subfield>
    <subfield code="d">NNC</subfield>
  </datafield>
  <datafield tag="100" ind1="1" ind2=" ">
    <subfield code="a">Futūnī, Abū al-Ḥasan ibn Muḥammad Ṭāhir,</subfield>
    <subfield code="d">-approximately 1172.</subfield>
  </datafield>
  <datafield tag="245" ind1="1" ind2="0">
    <subfield code="a">Muqaddimat tafsīr marāt al-anwār /</subfield>
    <subfield code="c">taʾlīf Abī al-Ḥasan ibn Muḥammad Ṭāhir ibn ʻAbd al-Ḥamīd ibn Mūsá ibn ʻAlī ibn Maʻtūq ibn ʻAbd al-Ḥamīd al-Futūnī al-Nubāṭī al-ʻĀmilī al-Iṣbahānī al-Gharawī.</subfield>
  </datafield>
  <datafield tag="260" ind1=" " ind2=" ">
    <subfield code="a">Qum :</subfield>
    <subfield code="b">al-Maṭbaʻah al-ʻilmīyah,</subfield>
    <subfield code="c">1393 [1973]</subfield>
  </datafield>
  <datafield tag="300" ind1=" " ind2=" ">
    <subfield code="a">20, 362 ;</subfield>
    <subfield code="c">34 cm.</subfield>
  </datafield>
  <datafield tag="504" ind1=" " ind2=" ">
    <subfield code="a">Includes bibliographical references.</subfield>
  </datafield>
  <datafield tag="630" ind1="0" ind2="0">
    <subfield code="a">Qurʼan</subfield>
    <subfield code="x">Criticism, interpretation, etc.</subfield>
    <subfield code="v">Early works to 1800.</subfield>
  </datafield>
  <datafield tag="700" ind1="1" ind2=" ">
    <subfield code="a">Baḥrānī, Hāshim ibn Sulaymān,</subfield>
    <subfield code="d">-approximately 1696.</subfield>
    <subfield code="t">Burhān fī tafsīr al-Qurʼān.</subfield>
  </datafield>
  <datafield tag="955" ind1=" " ind2=" ">
    <subfield code="b">0062851594</subfield>
    <subfield code="d">glx</subfield>
    <subfield code="e">BP130.4 .B265 1973g</subfield>
  </datafield>
</record>
</collection>